<record><leader>00000cas a2200000Ma 4500</leader><controlfield tag="001">210504941</controlfield><controlfield tag="008">830303d18441853iludn ne      0    0eng  </controlfield><datafield ind1=" " ind2=" " tag="010"><subfield code="a">sn 82016293 </subfield></datafield><datafield ind1=" " ind2=" " tag="040"><subfield code="a">DLC</subfield><subfield code="b">eng</subfield><subfield code="c">AQM</subfield><subfield code="d">OCLCQ</subfield></datafield><datafield ind1="0" ind2=" " tag="130"><subfield code="a">Chicago daily journal (Chicago, Ill. : 1844)</subfield></datafield><datafield ind1="1" ind2="0" tag="245"><subfield code="a">Chicago daily journal.</subfield></datafield><datafield ind1="1" ind2="3" tag="246"><subfield code="a">Chicago journal</subfield></datafield><datafield ind1=" " ind2=" " tag="260"><subfield code="a">Chicago, Ill. :</subfield><subfield code="b">R.L. Wilson,</subfield><subfield code="c">-1853.</subfield></datafield><datafield ind1=" " ind2=" " tag="300"><subfield code="a">v. :</subfield><subfield code="b">ill. (chiefly advertisements) ;</subfield><subfield code="c">64 cm.</subfield></datafield><datafield ind1=" " ind2=" " tag="310"><subfield code="a">Daily (except Sun.)</subfield></datafield><datafield ind1="1" ind2=" " tag="362"><subfield code="a">Began with Apr. 22, 1844 issue.</subfield></datafield><datafield ind1="0" ind2=" " tag="362"><subfield code="a">-v. 12, no. 24 (Jan. 25, 1853).</subfield></datafield><datafield ind1=" " ind2=" " tag="500"><subfield code="a">Publisher varies.</subfield></datafield><datafield ind1=" " ind2=" " tag="530"><subfield code="a">Also issued on microfilm from the Illinois State Historical Library; the University of Chicago Library.</subfield></datafield><datafield ind1=" " ind2=" " tag="580"><subfield code="a">Issued also in weekly and triweekly editions called: Chicago weekly journal, and: Chicago tri-weekly journal, respectively.</subfield></datafield><datafield ind1=" " ind2=" " tag="588"><subfield code="a">Description based on: Vol. 1, no. 113 (Aug. 31, 1844).</subfield></datafield><datafield ind1=" " ind2="7" tag="655"><subfield code="a">Newspapers.</subfield><subfield code="2">rbgenr</subfield></datafield><datafield ind1=" " ind2=" " tag="752"><subfield code="a">United States</subfield><subfield code="b">Illinois</subfield><subfield code="c">Cook</subfield><subfield code="d">Chicago.</subfield></datafield><datafield ind1="1" ind2=" " tag="775"><subfield code="t">Chicago weekly journal</subfield><subfield code="w">(DLC)sn 82016385</subfield></datafield><datafield ind1="1" ind2=" " tag="775"><subfield code="t">Chicago tri-weekly journal</subfield><subfield code="w">(DLC)sn 82016292</subfield></datafield><datafield ind1="0" ind2="0" tag="780"><subfield code="t">Chicago express (Chicago, Ill. : 1842)</subfield><subfield code="w">(DLC)sn 83045454</subfield></datafield><datafield ind1="0" ind2="0" tag="785"><subfield code="t">Daily Chicago journal (Chicago, Ill. : 1853)</subfield><subfield code="w">(DLC)sn 87082512</subfield></datafield></record>